@Book{knuth:84,
  author = 	 {Donald E. Knuth},
  title = 	 {The {\TeX} Book},
  publisher = 	 {Addison-Wesley},
  year = 	 {1984},
  edition = 	 {15th}
}

@Book{koch:02,
  author = {Ingedore Grunfeld Villaça Koch},
  title = {Coesão e Coerência Textual},
  publisher = {Contexto},
  year = {2002},
  edition = {17th}
}

@Misc{oetiker:98,
  author = {Tobias Oetiker},
  title = {Uma não tão pequena introdução ao Latex2},
  year = {1998},
  howpublished = {\url{http://zelmanov.ptep-online.com/ctan/lshort_port.pdf}},
  note = {Online; acessado 24 de Abril 2016}
}
@Misc{abnt:02,
  author = "{Associação Brasileira de Normas Técnicas}",
  title = {{NBR 6023: informação e documentação – referências – elaboração}},
  year = {2002}
}


