@Book{schildt:96,
  author = 	 {Herbert Schildt},
  title = 	 {C Completo e Total},
  publisher = 	 {Makron Books},
  year = 	 {1996},
  edition = 	 {3th}
}

@Article{stroustrup2002sibling,
  title={Sibling Rivalry: C and C+},
  author={Stroustrup, Bjarne},
  year={2002}
}

@Book{kernighan1988c,
  title={A linguagem de programação C},
  author={Kernighan, Brian W and Ritchie, Dennis M and Ejeklint, Per},
  edition ={2th},
  year={1988},
  publisher={prentice-Hall Englewood Cliffs}
}
